% bericht.bib

@BOOK{knuth84,
    AUTHOR    = "Knuth, Donald E.",
    TITLE     = "The \TeX{}book",
    PUBLISHER = "Addison-Wesley",
    YEAR      = 1984
}

 @book{myers_myers_2002, 
 	place={Palo Alto, CA},
 	title={Gifts differing: Understanding personality type},
 	publisher={Davies-Black Pub},
 	author={Myers, Isabel Briggs and Myers, Peter B.},
 	year={2002}
 } 
 
 @misc{knowAndLove,
 	title="Personality Quiz for kids",
 	url={https://knowandlove.com/},
 	journal="Know and Love - Personality Quiz for Kids"
 } 

@Inbook{Kim2016,
	author="Kim, Kyung Hee
	and Coxon, Steve V.",
	editor="Demetrikopoulos, Melissa K.
	and Pecore, John L.",
	title="Fostering Creativity Using Robotics among Students in Stem Fields to Reverse the Creativity Crisis",
	bookTitle="Interplay of Creativity and Giftedness in Science",
	year="2016",
	publisher="SensePublishers",
	address="Rotterdam",
	pages="351--365",
	abstract="Creativity is required for innovation in STEM fields. The success of South Korea on the Programme for International Student Assessment (PISA) (Center on International Educational Benchmarking, 2012), contrasted with that nation's lack of success in measures of innovation including few patents per capita and no Nobel Prizes in the sciences, suggests that exceptional test scores are insufficient to produce exceptional innovating.",
	isbn="978-94-6300-163-2",
	doi="10.1007/978-94-6300-163-2_19",
	url="https://doi.org/10.1007/978-94-6300-163-2_19"
}
